@Misc{patterns,
  author = {Bob Nystrom},
  year = {2014},
  title =  {Game Programming Patterns},
  note = {[Online] \\ \url{http://gameprogrammingpatterns.com/}},
},

@Misc{opengl,
  author = {Mark Segal, Kurt Akeley},
  title =  {The OpenGL Graphics System: A Specification (Version 3.2 (Core Profile))},
  year = {2009},
  note = {[Online] \\ \url{https://www.opengl.org/registry/doc/glspec32.core.20091207.pdf}}
}

@Misc{bezier,
	author = {Gaetan Renaudeau},
    title = {Bezier Curve based easing functions},
    year = {2014},
    note = {[Online] \\ \url{http://greweb.me/2012/02/bezier-curve-based-easing-functions-from-concept-to-implementation/}}
}

@Misc{speech:dream,
  author = {Martin Luther King, Jr.},
  title =  {I Have a dream},
  year = {1963},
  note = {[Online] \\ \url{http://www.americanrhetoric.com/speeches/mlkihaveadream.htm}}
}

@Misc{speech:havel,
  author = {Václav Havel},
  title =  {Novoroční projev prezidenta ČSSR Václava Havla},
  year = {1990},
  note = {[Online] \\ \url{http://vaclavhavel.cz/showtrans.php?cat=projevy&val=327_projevy.html&typ=HTML}}
}

@Misc{blog:dof,
  author = {Martins Upitis},
  title =  {GLSL depth of field with bokeh v2},
  year = {2011},
  note = {[Online] \\ \url{http://devlog-martinsh.blogspot.cz/2011/10/glsl-depth-of-field-with-bokeh-v2.html}}
}

@Misc{learnopengl,
  author = {Joey de Vries},
  title =  {Learn OpenGL, extensive tutorial resource for learning Modern OpenGL},
  note = {[Online] \\ \url{https://learnopengl.com/}}
}

@Misc{cocos,
  title =  {Cocos2d-x - Open-Source Game Development Platform},
  note   = {[Online] \\ \url{http://cocos2d-x.org/}},
}

@misc{ wiki:dof,
   author = {Wikibooks},
   title = "OpenGL Programming/Depth of Field",
   year = "2013",
   note = "[Online] \\ \url{https://en.wikibooks.org/w/index.php?title=OpenGL_Programming/Depth_of_Field&oldid=2562207}"
 }
 
@misc{ wiki:mb,
   author = "Wikibooks",
   title = "OpenGL Programming/Motion Blur",
   year = "2012",
   note = "[Online] \\ \url{https://en.wikibooks.org/w/index.php?					title=OpenGL_Programming/Motion_Blur&oldid=2446136}"
 }
 
 @misc{ video:kity,
   author = "After Effects XYZ",
   title = "Kinetic Typography - Text animation in after effects",
   year = "2015",
   note = "[Video] \\ \url{https://www.youtube.com/watch?v=qpT6UOQNEjY}"
 }
 
@misc{ video:soe,
   author = "Agil Pandri Prakoso",
   title = "Sky On Eye - Outraged! Kinetic Typography",
   year = "2012",
   note = "[Video] \\ \url{https://vimeo.com/50481715}"
 }
 